@inproceedings{meta-rts,
    Author = {Manish Meta and Santiago Onta{\~n}{\'o}n and Ashwin Ram},
    Booktitle = {ICCBR-10 Workshop on Case-Based Reasoning for Computer Games, Alessandria, Italy},
    Title = {Meta-Level Behavior Adaptation in Real-Time Strategy Games},
    Year = {2010}
}

@inproceedings{HagelbackCIG10,
    Author = {Johan Hagelb{\"a}ck and Stefan J. Johansson},
    Booktitle = {CIG (IEEE)},
    Title = {A Study on Human like Characteristics in Real Time Strategy Games},
    Year = {2010}
}

@inproceedings{HsiehS08,
    Author = {Ji-Lung Hsieh and Chuen-Tsai Sun},
    Booktitle = {IJCNN},
    Pages = {3106--3111},
    Title = {Building a player strategy model by analyzing replays of real-time strategy games},
    Year = {2008}
}

@inproceedings{SchaddBS07,
    Author = {Frederik Schadd and Sander Bakkes and Pieter Spronck},
    Booktitle = {GAMEON},
    Pages = {61--70},
    Title = {Opponent Modeling in Real-Time Strategy Games},
    Year = {2007}
}

@incollection{CBR_Planning,
    Author = {Onta{\~n}{\'o}n, Santiago and Mishra, Kinshuk and Sugandh, Neha and Ram, Ashwin},
    Booktitle = {Soft Computing Applications in Industry},
    Editor = {Prasad, Bhanu},
    Pages = {293--310},
    Publisher = {Springer Berlin / Heidelberg},
    Series = {Studies in Fuzziness and Soft Computing},
    Title = {Learning from Demonstration and Case-Based Planning for Real-Time Strategy Games},
    Volume = {226},
    Year = {2008}
}

@inproceedings{Ontanon07,
    Address = {Berlin, Heidelberg},
    Author = {Onta\~{n}\'{o}n, Santiago and Mishra, Kinshuk and Sugandh, Neha and Ram, Ashwin},
    Booktitle = {Proceedings of the 7th international conference on Case-Based Reasoning: Case-Based Reasoning Research and Development},
    Pages = {164--178},
    Publisher = {Springer-Verlag},
    Series = {International Joint Conference on Neural Networks (ICCBR-07)},
    Title = {Case-Based Planning and Execution for Real-Time Strategy Games},
    Year = {2007}
}

@conference{Diard03,                                                            
    Author = {Diard, Julien and Bessi\`{e}re, Pierre and Mazer, Emmanuel},      
    Title = {A Survey of Probabilistic Models Using the Bayesian Programming Methodology as a Unifying Framework},
    Booktitle = {Conference on Computational Intelligence, Robotics and Autonomous Systems, CIRAS},
    Year = {2003},                                                              
}

@article{Lebeltel04,                                                            
    Author = {Lebeltel, Olivier and Bessi\`{e}re, Pierre and Diard, Julien and Mazer, Emmanuel},
    Journal = {Autonomous Robots},
    Number = {1},
    Pages = {49--79},
    Publisher = {Kluwer Academic Publishers},
    Title = {Bayesian Robot Programming},
    Volume = {16},
    Year = {2004},
}

@article{LeHy04,
    Author = {Le Hy, Ronan and Arrigoni, Anthony and Bessiere, Pierre and Lebeltel, Olivier},
    Journal = {Robotics and Autonomous Systems},
    Pages = {177--185},
    Title = {Teaching Bayesian behaviours to video game characters},
    Volume = {47},
    Year = {2004}
}

@article{Beal,
    author = {Beal, Matthew J.},
    title = {Variational Algorithms for Approximate Bayesian Inference},
    journal = {PhD. Thesis},
    booktitle = {Ph.D. Thesis},
    publisher = {Gatsby Computational Neuroscience Unit, University College London},
    year = {2003}
}

@book{PRDMSMS,
    author = {Bessi\`{e}re, Pierre and Laugier, Christian and Siegwart, Roland},
    title = {Probabilistic Reasoning and Decision Making in Sensory-Motor Systems},
    year = {2008},
    isbn = {3540790063, 9783540790068},
    edition = {1st},
    publisher = {Springer Publishing Company, Incorporated}
}

@inproceedings{GOAP,
    author = {Orkin, J.},
    title = {Applying Goal-Oriented Action Planning to Games},
    booktitle = {AI Game Programming Wisdom 2},
    publisher = {Charles River Media},
    year = 2003
}

@article{Colas10,
    author = {Colas, Francis and Diard, Julien and Bessière, Pierre},
    affiliation = {ASL, ETH Zurich, Tannenstrasse 3, 8092 Zurich, Switzerland},
    title = {Common Bayesian Models for Common Cognitive Issues},
    journal = {Acta Biotheoretica},
    publisher = {Springer Netherlands},
    issn = {0001-5342},
    pages = {191-216},
    volume = {58},
    issue = {2},
    year = {2010}
}

@article{BayesianRecog,
    Author = {Albrecht, David W. and Zukerman, Ingrid and Nicholson, Ann E.},
    Journal = {User Modeling and User-Adapted Interaction},
    Month = {January},
    Pages = {5--47},
    Title = {Bayesian Models for Keyhole Plan Recognition in an Adventure Game},
    Volume = {8},
    Year = {1998}
}

@inproceedings{Jordan,
    Author = {Andrew Y. Ng and Michael I. Jordan},
    Booktitle = {NIPS},
    Pages = {841--848},
    Title = {On Discriminative vs. Generative Classifiers: A comparison of logistic regression and naive Bayes},
    Year = {2001}
}

@inproceedings{Ramirez,
    Author = {Ram\'{\i}rez, Miquel and Geffner, Hector},
    Booktitle = {Proceedings of the 21st international joint conference on Artifical intelligence},
    Pages = {1778--1783},
    Publisher = {Morgan Kaufmann Publishers Inc.},
    Title = {Plan recognition as planning},
    Year = {2009}
}

@inproceedings{OntanonCBR,
    Author = {Onta\~{n}\'{o}n, Santiago and Mishra, Kinshuk and Sugandh, Neha and Ram, Ashwin},
    Booktitle = {Proceedings of the 7th International conference on Case-Based Reasoning: Case-Based Reasoning Research and Development},
    Pages = {164--178},
    Publisher = {Springer-Verlag},
    Series = {ICCBR '07},
    Title = {Case-Based Planning and Execution for Real-Time Strategy Games},
    Year = {2007}
}

@inproceedings{LTW,
    Author = {David W. Aha and Matthew Molineaux and Marc J. V. Ponsen},
    Booktitle = {ICCBR},
    Pages = {5-20},
    Title = {Learning to Win: Case-Based Plan Selection in a Real-Time Strategy Game},
    Year = {2005}
}

@techreport{featuresSelect,
    Author = {{D}angauthier, {P}ierre and {B}essiere, {P}ierre and {S}palanzani, {A}nne},
    Title = {{F}eature {S}election {F}or {S}elf-{S}upervised {L}earning},
    Type = {Technical Report},
    Year = {2005}
}

@inproceedings{AutoSuperLearning,
    Author = {{D}angauthier, {P}ierre and {B}essiere, {P}ierre and {S}palanzani, {A}nne},
    Pages = {1-6},
    Title = {{A}uto-supervised learning in the {B}ayesian {P}rogramming {F}ramework},
    booktitle = {ICRA},
    publisher = {IEEE},
    Year = {2005}
}

@article{Mclust,
    author = "C. Fraley and A. E. Raftery",
    title = "Model-Based Clustering, Discriminant Analysis and
        Density Estimation",
    journal = "Journal of the American Statistical Association",
    volume = {97},
    pages = "611--631",
    year = {2002}
}

@techreport{Mclust2,
    author = "C. Fraley and A. E. Raftery",
    title = "{MCLUST} Version 3 for {R}: {N}ormal 
        Mixture Modeling and Model-Based Clustering",
    type = "Technical Report",
    number = "504",
    address = "Department of Statistics",
    institution = "University of Washington",
    note = {(revised 2009)},
    year = {2006}
}

@book{Jaynes,
	Author = {Jaynes, E. T.},
	Month = {June},
	Publisher = {Cambridge University Press},
	Title = {Probability Theory: The Logic of Science},
	Year = {2003}
}

@inproceedings{OBRecog,
	Author = {Froduald Kabanza and Philipe Bellefeuille and Francis Bisson and Abder Rezak Benaskeur and Hengameh Irandoust},
	Booktitle = {AAAI Workshops},
	Title = {Opponent Behaviour Recognition for Real-Time Strategy Games},
	Year = {2010}
}

@inproceedings{PlanRetrieval,
	Author = {Kinshuk Mishra and Santiago Onta{\~n}{\'o}n and Ashwin Ram},
	Booktitle = {ECCBR},
	Pages = {355-369},
	Title = {Situation Assessment for Plan Retrieval in Real-Time Strategy Games},
	Year = {2008}
}

@article{BMPR,
	Author = {Charniak, Eugene and Goldman, Robert P.},
	Journal = {Artificial Intelligence},
	Number = {1},
	Pages = {53--79},
	Title = {A Bayesian model of plan recognition},
	Volume = {64},
	Year = {1993}
}

@article{TPR,
    Author = {Carberry, Sandra},
    Journal = {User Modeling and User-Adapted Interaction},
    Month = {March},
    Number = {1},
    Pages = {31--48},
    Title = {{Techniques for Plan Recognitionition}},
    Volume = {11},
    Year = {2001}
}
                
@inproceedings{HTNPlanning,
  author    = {Hai Hoang and
               Stephen Lee-Urban and
               H{\'e}ctor Mu{\~n}oz-Avila},
  title     = {Hierarchical Plan Representations for Encoding Strategic
               Game AI},
  booktitle = {AIIDE},
  year      = {2005},
  pages     = {63-68}
}

@article{PHATT,
    author = {Geib, Christopher W. and Goldman, Robert P.},
    title = {A probabilistic plan recognition algorithm based on plan tree grammars},
    journal = {Artificial Intelligence},
    volume = {173},
    issue = {11},
    month = {July},
    year = {2009},
    issn = {0004-3702},
    pages = {1101--1132},
    numpages = {32},
    publisher = {Elsevier Science Publishers Ltd.},
    address = {Essex, UK},
} 
@conference{Diard03,
    Author = {Diard, Julien and Bessi\`{e}re, Pierre and Mazer, Emmanuel},
    Title = {A Survey of Probabilistic Models Using the Bayesian Programming Methodology as a Unifying Framework},
    Booktitle = {Conference on Computational Intelligence, Robotics and Autonomous Systems, CIRAS},
    Year = {2003},
}

@book{MacKay,
    author =   "David J. C. MacKay",
    title =    "Information Theory, Inference, and Learning Algorithms",
    publisher={Cambridge University Press},
    year =     {2003}
}

@article{FSM,
    author = {Rabin, Steve},
    title = {Implementing a State Machine Language},
    Journal = {{AI} Game Programming Wisdom},
    Publisher = {Ed.Charles River Media},
    Pages = {314–-320},
    Year = 2002
}

@conference{Madeira06,
    Author = {Madeira, Charles and Corruble, Vincent and Ramalho, Geber},
    Booktitle = {{AI} and {I}nteractive {D}igital {E}ntertainment {C}onference, {AIIDE} ({AAAI})},
    Title = {Designing a Reinforcement Learning-based Adaptive {AI} for Large-Scale Strategy Games},
    Year = {2006}
}

@inproceedings{Marthi05,
    Author = {Marthi, Bhaskara and Russell, Stuart and Latham, David and Guestrin, Carlos},
    Booktitle = {International Joint Conference of Artificial Intelligence, IJCAI},
    Pages = {779--785},
    Title = {Concurrent Hierarchical Reinforcement Learning},
    Year = {2005}
}

@inproceedings{Molineaux08,
    Author = {Matthew Molineaux and David W. Aha and Philip Moore},
    Booktitle = {FLAIRS Conference},
    Title = {Learning Continuous Action Models in a Real-Time Strategy Strategy Environment},
    Pages = {257--262},
    Year = {2008}
}

@inproceedings{Hagelback08,
    author = {Hagelb\"{a}ck, Johan and Johansson, Stefan J.},
    title = {Using multi-agent potential fields in real-time strategy games},
    booktitle = {Proceedings of the 7th international joint conference on Autonomous agents and multiagent systems - Volume 2},
    series = {AAMAS '08},
    year = {2008},
    isbn = {978-0-9817381-1-6},
    pages = {631--638},
    publisher = {International Foundation for Autonomous Agents and Multiagent Systems},
    address = {Richland, SC},
    keywords = {Orts, Rts games, artificial potential fields, multi-agent bot},
} 

@article{Hagelback09,
    author = {Hagelb\"{a}ck, Johan and Johansson, Stefan J.},
    title = {A multiagent potential field-based bot for real-time strategy games},
    journal = {Int. J. Comput. Games Technol.},
    issue_date = {January 2009},
    volume = {2009},
    month = {January},
    year = {2009},
    issn = {1687-7047},
    pages = {4:1--4:10},
    articleno = {4},
    numpages = {10},
    publisher = {Hindawi Publishing Corp.},
    address = {New York, NY, United States},
} 

@inproceedings{HagelbackJ08,
    Author = {Johan Hagelb{\"a}ck and Stefan J. Johansson},
    Booktitle = {CIG (IEEE)},
    Pages = {55-62},
    Title = {Dealing with fog of war in a Real Time Strategy game environment},
    Year = {2008}}

@inproceedings{Chung05,
    author    = {Michael Chung and Michael Buro and Jonathan Schaeffer},
    title     = {Monte Carlo Planning in RTS Games},
    booktitle = {IEEE Symposium on Computational Intelligence and Games (CIG)},
    year      = {2005},
}

@inproceedings{CadenaG11,
	Author = {Pedro Cadena and Leonardo Garrido},
	Bibsource = {DBLP, http://dblp.uni-trier.de},
	Booktitle = {MICAI (1)},
	Crossref = {DBLPconfmicai2011},
	Pages = {113-124},
	Title = {{Fuzzy Case-Based Reasoning for Managing Strategic and Tactical Reasoning in StarCraft}},
	Year = {2011}}

@inproceedings{UCT,
    author = {Balla, Radha-Krishna and Fern, Alan},
    title = {UCT for tactical assault planning in real-time strategy games},
    Booktitle = {International Joint Conference of Artificial Intelligence, IJCAI},
    year = {2009},
    location = {Pasadena, California, USA},
    pages = {40--45},
    numpages = {6},
    acmid = {1661453},
    publisher = {Morgan Kaufmann Publishers Inc.},
    address = {San Francisco, CA, USA},
} 

@conference{WeberCig10,
    Author = {Weber, Ben G. and Mawhorter, Peter and Mateas, Michael and Jhala, Arnav},
    Booktitle = {IEEE Symposium on Computational Intelligence and Games (CIG)},
    Title = {Reactive Planning Idioms for Multi-Scale Game {AI}},
    Year = {2010}
}

@conference{WeberCig09,
	Author = {Ben G. Weber and Michael Mateas},
    Booktitle = {IEEE Symposium on Computational Intelligence and Games (CIG)},
	Title = {A Data Mining Approach to Strategy Prediction},
	Year = {2009}
}

@conference{Weber10,
	Author = {Ben G. Weber and Mateas, Michael and Jhala, Arnav},
	Booktitle = {Artificial Intelligence and Interactive Digital Entertainment (AIIDE)},
	Title = {Applying Goal-Driven Autonomy to StarCraft},
	Year = {2010}
}

@inproceedings{Kim10,
	Author = {Kim, Jaekwang and Yoon, Kwang Ho and Yoon, Taebok and Lee, Jee-Hyong},
	Booktitle = {Proceedings of the 7th international conference on Cooperative design, visualization, and engineering},
	Pages = {47--51},
	Publisher = {Springer-Verlag},
	Series = {CDVE'10},
	Title = {Cooperative learning by replay files in real-time strategy game},
	Year = {2010}
}

@inproceedings{Southey07,
	Author = {Southey, Finnegan and Loh, Wesley and Wilkinson, Dana},
	Booktitle = {Proceedings of the 20th international joint conference on Artifical intelligence},
	Pages = {2631--2637},
	Publisher = {Morgan Kaufmann Publishers Inc.},
	Title = {Inferring complex agent motions from partial trajectory observations},
	Year = {2007}
}

@inproceedings{SORTS,
    author    = {Wintermute, Samuel and Joseph Xu, Joseph Z. and Laird, John E.},
    title     = {SORTS: A Human-Level Approach to Real-Time Strategy {AI}},
    booktitle = {{AI} and {I}nteractive {D}igital {E}ntertainment {C}onference, {AIIDE} ({AAAI})},
    year      = {2007},
    pages     = {55--60},
}

@book{Sutton,
    author = {Sutton, Richard S. and Barto, Andrew G.},
    howpublished = {Hardcover},
    isbn = {0262193981},
    month = {March},
    publisher = {The MIT Press},
    title = {{Reinforcement Learning: An Introduction (Adaptive Computation and Machine Learning)}},
    year = {1998}
}

@inproceedings{Isla01alayered,
    author = {Isla, Damian and Burke, Robert and Downie, Marc and Blumberg, Bruce},
    title = {A Layered Brain Architecture for Synthetic Creatures},
    Booktitle = {International Joint Conference of Artificial Intelligence, IJCAI},
    year = {2001},
    pages = {1051--1058}
}

@inproceedings{CBR-RL,
    author = {Manu Sharma and Michael Holmes and Juan Santamaria and Arya Irani and Charles L. Isbell and Ashwin Ram},
    year = {2007},
    title = {{Transfer Learning in Real-Time Strategy Games Using Hybrid CBR/RL}},
    Booktitle = {International Joint Conference of Artificial Intelligence, IJCAI},
    topic = {transfer learning; reinforcement learning}
}

@inproceedings{Cutumisu09,
    author    = {Maria Cutumisu and Duane Szafron},
    title     = {An Architecture for Game Behavior {AI}: Behavior Multi-Queues},
    booktitle = {{AI} and {I}nteractive {D}igital {E}ntertainment {C}onference, {AIIDE} ({AAAI})},
    year      = {2009}
}

@INPROCEEDINGS{GA,
    author = {Marc Ponsen and Ir. P. H. M. Spronck},
    title = {Improving Adaptive Game {AI} with Evolutionary Learning},
    booktitle = {University of Wolverhampton},
    year = {2004},
    pages = {389--396}
}

@inproceedings{CBR-planning-exec,
    author = {Onta\~{n}\'{o}n, Santiago and Mishra, Kinshuk and Sugandh, Neha and Ram, Ashwin},
    title = {Case-Based Planning and Execution for Real-Time Strategy Games},
    booktitle = {ICCBR '07},
    year = {2007},
    isbn = {978-3-540-74138-1},
    pages = {164--178},
    publisher = {Springer-Verlag},
    address = {Berlin, Heidelberg}
} 

@inproceedings{Asmuth09,
    Author = {John Asmuth and Lihong Li and Michael Littman and Ali Nouri and David Wingate},
    Booktitle = {Uncertainty in Artificial Intelligence, UAI},
    Pages = {19--26},
    Publisher = {AUAI Press},
    Title = {A Bayesian Sampling Approach to Exploration in Reinforcement Learning},
    Year = {2009}
}

@article{teamCompositionRTS,
    Author = {Mike Preuss and Nicola Beume and Holger Danielsiek and Tobias Hein and Boris Naujoks and Nico Piatkowski and Raphael St{ü}er and Andreas Thom and Simon Wessing},
    Institution = {IEEE},
    Journal = {Transactions on Computational Intelligence and AI in Games (TCIAIG)},
    Keywords = {RTS},
    Month = {June},
    Number = {2},
    Pages = {82--98},
    Title = {Towards Intelligent Team Composition and Maneuvering in Real-Time Strategy Games},
    Volume = {2},
    Year = {2010}
}

@inproceedings{BartheyeJ09,
	Author = {Olivier Bartheye and Eric Jacopin},
	Booktitle = {AIIDE},
	Title = {A Real-Time PDDL-based Planning Component for Video Games},
	Year = {2009}
}

@article{OntanonMSR10,
	Author = {Santi Onta{\~n}{\'o}n and Kinshuk Mishra and Neha Sugandh and Ashwin Ram},
	Journal = {Computational Intelligence},
	Number = {1},
	Pages = {84-119},
	Title = {On-Line Case-Based Planning},
	Volume = {26},
	Year = {2010}
}

@inproceedings{ButlerCIG10,
	Author = {Simon Butler, and Yiannis Demiris},
	Booktitle = {CIG (IEEE)},
	Title = {Partial Observability During Predictions of the Opponent's Movements in an RTS Game},
	Year = {2010}
}

@conference{particlefiltergameAI,
	Author = {Curt Bererton},
	Booktitle = {AAAI Workshop on Challenges in Game AI},
	Title = {State Estimation for Game AI Using Particle Filters.},
	Year = {2004}
}


@inproceedings{SynnaeveOpeningCig11,
	Address = {Seoul, Cor{\'e}e, R{\'e}publique De},
	Author = {Synnaeve, Gabriel and Bessiere, Pierre},
	Booktitle = {{Proceedings of 2011 IEEE CIG}},
	Month = Sep,
	Pages = {000},
	Title = {{A Bayesian Model for Opening Prediction in RTS Games with Application to StarCraft}},
	Year = {2011}
}

@inproceedings{SynnaeveAIIDE11,
	Address = {Palo Alto, {\'E}tats-Unis},
	Author = {Synnaeve, Gabriel and Bessi{\`e}re, Pierre},
	Booktitle = {{Proceedings of the Seventh Artificial Intelligence and Interactive Digital Entertainment Conference (AIIDE 2011)}},
	Editor = {AAAI},
	Month = Oct,
	Pages = {79--84},
	Series = {Proceedings of AIIDE},
	Title = {{A Bayesian Model for Plan Recognition in RTS Games applied to StarCraft}},
	Year = {2011}
}

@inproceedings{SynnaeveMicroCig11,
	Address = {Seoul, Cor{\'e}e, R{\'e}publique De},
	Author = {Synnaeve, Gabriel and Bessiere, Pierre},
	Booktitle = {{Proceedings of IEEE CIG 2011}},
	Month = Sep,
	Pages = {000},
	Title = {{A Bayesian Model for RTS Units Control applied to StarCraft}},
	Year = {2011}
}

@inproceedings{Avery09,
	Acmid = {1719350},
	Address = {Piscataway, NJ, USA},
	Author = {Avery, Phillipa and Louis, Sushil and Avery, Benjamin},
	Booktitle = {Proceedings of the 5th international conference on Computational Intelligence and Games},
	Isbn = {978-1-4244-4814-2},
	Pages = {341--348},
	Publisher = {IEEE Press},
	Series = {CIG'09},
	Title = {{Evolving Coordinated Spatial Tactics for Autonomous Entities using Influence Maps}},
	Url = {http://dl.acm.org/citation.cfm?id=1719293.1719350},
	Year = {2009}}

@conference{SmithCIG10,
	Author = {Smith, Greg and Avery, Phillipa and Houmanfar, Ramona and Louis, Sushil},
	Booktitle = {CIG (IEEE)},
	Title = {Using Co-evolved RTS Opponents to Teach Spatial Tactics},
	Year = {2010}
}

@inproceedings{Buro03rts,
    author = {Michael Buro},
    title = {Real-Time Strategy Games: A New AI Research Challenge},
    booktitle = {IJCAI 2003},
    year = {2003},
    pages = {1534--1535},
    publisher = {International Joint Conferences on Artificial Intelligence}
}

@conference{orkinGDC_FEAR,
	Author = {Jeff Orkin},
	Booktitle = {GDC},
	Title = {Three States and a Plan: The A.I. of F.E.A.R.},
	Year = {2006}}

@article{FikesSTRIPS,
	Author = {Richard E. Fikes and Nils J. Nilsson},
	Doi = {10.1016/0004-3702(71)90010-5},
	Issn = {0004-3702},
	Journal = {Artificial Intelligence},
	Keywords = {heuristic search},
	Number = {3--4},
	Pages = {189 - 208},
	Title = {Strips: A new approach to the application of theorem proving to problem solving},
	Url = {http://www.sciencedirect.com/science/article/pii/0004370271900105},
	Volume = {2},
	Year = {1971}}

@article{FSM_AIGameProgWisdom2003,
	Author = {Ryan Houlette and Dan Fu},
	Journal = {AI Game Programming Wisdom 2},
	Title = {The Ultimate Guide to FSMs in Games},
	Year = {2003}}

@conference{HMMstrat_RTS_AIIDE11,
	Author = {Ethan Dereszynski and Jesse Hostetler and Alan Fern and Tom Dietterich Thao-Trang Hoang and Mark Udarbe},
	Booktitle = {Artificial Intelligence and Interactive Digital Entertainment (AIIDE)},
	Date-Added = {2011-11-18 14:43:46 +0000},
	Date-Modified = {2011-11-18 14:44:25 +0000},
	Editor = {AAAI},
	Title = {Learning Probabilistic Behavior Models in Real-Time Strategy Games},
	Year = {2011}}

@misc{url1,
  title = {\uppercase{AIIDE} Starcraft \uppercase{AI} Competition},
  howpublished = "\url{http://skatgame.net/mburo/sc2011/}",
  note = "[Online; accessed 27-Febrary-2012]"
}

@article{Perkins10, 
    title={Terrain Analysis in Real-Time Strategy Games : An Integrated Approach to Choke Point Detection and Region Decomposition}, 
    journal={Artificial Intelligence}, 
    author={Perkins, Luke}, 
    year={2010}, 
    pages={168--173}
}

@article{Demyen_2006,
    author = {Demyen, Douglas and Buro, Michael},
    title = {Efficient triangulation-based pathfinding},
    journal = {Proceedings of the 21st national conference on Artificial intelligence - Volume 1},
    year = {2006},
    pages = {942--947},
    publisher = {AAAI Press}
}

@article{Reynolds_1999,
    author = {Craig W. Reynolds},
    title = {Steering Behaviors For Autonomous Characters},
    journal = {Proceedings of Game Developers Conference 1999},
    year = {1999},
    pages = {763--782}
}

@article{Danielsiek_2008,
    author={Danielsiek, Holger and Stuer, Raphael and Thom, Andreas and Beume, Nicola and Naujoks, Boris and Preuss, Mike}, 
    title={Intelligent moving of groups in real-time strategy games},
    journal={2008 IEEE Symposium On Computational Intelligence and Games}, 
    publisher={IEEE}, 
    year={2008}, 
    pages={71--78}
}

@article{Berg_2008, 
    title={Reciprocal Velocity Obstacles for real-time multi-agent navigation},
    journal={2008 IEEE International Conference on Robotics and Automation}, 
    publisher={IEEE}, 
    author={Van Den Berg, Jur and Manocha, Dinesh}, 
    year={2008}, 
    pages={1928--1935}
}

@article{Liu_2008,
    author = {Liu, Liang and Li, Longshu},
    title = {Regional Cooperative Multi-agent Q-learning Based on Potential Field},
    booktitle = {Proceedings of the 2008 Fourth International Conference on Natural Computation - Volume 06},
    year = {2008},
    pages = {535--539},
    publisher = {IEEE Computer Society},
}

@conference{Pottinger00,
    author = {Dave C. Pottinger},
    title = {Terrain Analysis for Real-time Strategy games},
    booktitle = {Proceedings of Game Developers Conference 2000},
    year = {2000}
}

@article{Forbus2002,
	Acmid = {630748},
	Address = {Piscataway, NJ, USA},
	Author = {Forbus, Kenneth D. and Mahoney, James V. and Dill, Kevin},
	Issn = {1541-1672},
	Issue = {4},
	Journal = {IEEE Intelligent Systems},
	Keywords = {Qualitative spatial reasoning, visual reasoning, knowledge representation.},
	Month = {July},
	Pages = {25--30},
	Publisher = {IEEE Educational Activities Department},
	Title = {How Qualitative Spatial Reasoning Can Improve Strategy Game AIs},
	Url = {http://dx.doi.org/10.1109/MIS.2002.1024748},
	Volume = {17},
	Year = {2002}}

@article{Hale08,
    author = {Hale, D Hunter and Youngblood, G Michael and Dixit, Priyesh N},
    title = {Automatically-generated Convex Region Decomposition for Real-time Spatial Agent Navigation in Virtual Worlds},
    url={http://www.aaai.org/Papers/AIIDE/2008/AIIDE08-029.pdf},
    journal={Artificial Intelligence and Interactive Digital Entertainment AIIDE},
    publisher={4th AAAI AI in Interactive Digital Entertainment Conference},
    year={2008},
    pages={173--178}
}

@inproceedings{Karavelas04,
    author = {Menelaos I. Karavelas},
    title = {A robust and efficient implementation for the segment Voronoi diagram},
    booktitle = {Proc. 1 st Int. Symp. on Voronoi Diagrams in Science and Engineering},
    year = {2004},
    pages = {51--62}
}

@inproceedings{WeberAIIDE11,
    author = {Ben G. Weber and Mateas, Michael and Jhala, Arnav},
    title = {A Particle Model for State Estimation in Real-Time Strategy Games},
    booktitle = {Proceedings of AIIDE},
    year = {2011},
    pages = {103{\textendash}108},
    publisher = {AAAI Press},
    organization = {AAAI Press},
    address = {Stanford, Palo Alto, California},
    keywords = {EIS}
}

@inproceedings{Weber2011acs,
    author = {Ben G. Weber and Mateas, Michael and Jhala, Arnav},
    title = {Building Human-Level AI for Real-Time Strategy Games},
    booktitle = {Proceedings of AIIDE Fall Symposium on Advances in Cognitive Systems},
    year = {2011},
    publisher = {AAAI Press},
    organization = {AAAI Press},
    address = {Stanford, Palo Alto, California},
    keywords = {EIS}
}

@conference{Hladky2008,
	Author = {Stephen Hladky and Vadim Bulitko},
	Booktitle = {CIG (IEEE)},
	Keywords = {FPS},
	Title = {An Evaluation of Models for Predicting Opponent Positions in First-Person Shooter Video Games},
	Year = {2008}}


@article{Treuille2006,
	Author = {Adrien Treuille and Seth Cooper and Zoran Popovi{\'{c}}},
	Journal = {ACM Transactions on Graphics},
	Number = 3,
	Pages = {1160--1168},
	Title = {Continuum crowds},
	Volume = 25,
	Year = 2006}
    

@article{sturtevant2012benchmarks,
	Author = {Sturtevant, N.},
	Journal = {Transactions on Computational Intelligence and AI in Games},
	Title = {Benchmarks for Grid-Based Pathfinding},
	Url = {http://web.cs.du.edu/~sturtevant/papers/benchmarks.pdf},
	Year = {2012}}

@proceedings{DBLPconfmicai2011,
    editor    = {Ildar Z. Batyrshin and
        Grigori Sidorov},
    title     = {Advances in Artificial Intelligence - 10th Mexican International
        Conference on Artificial Intelligence, MICAI 2011, Puebla,
        Mexico, November 26 - December 4, 2011, Proceedings, Part
            I},
    booktitle = {MICAI (1)},
    publisher = {Springer},
    series    = {Lecture Notes in Computer Science},
    volume    = {7094},
    year      = {2011},
    isbn      = {978-3-642-25323-2},
    ee        = {http://dx.doi.org/10.1007/978-3-642-25324-9},
    bibsource = {DBLP, http://dblp.uni-trier.de}
}

@article{Aamodt94CBR,
   author =  {Agnar Aamodt and Enric Plaza},
   title =   {Case-Based Reasoning: Foundational Issues, Methodological Variations, and System Approaches},
   journal = {Artificial Intelligence Communications},
   volume =  7,
   number =  1,
   pages =   "39-59",
   year =    1994,
}

@inproceedings{KoenigL02,
  author    = {Sven Koenig and
               Maxim Likhachev},
  title     = {D*Lite},
  booktitle = {AAAI/IAAI},
  year      = {2002},
  pages     = {476-483},
}

@inproceedings{Hagelback12,
	Author = {Johan Hagelb{\"a}ck},
	Booktitle = {CIG (IEEE)},
	Title = {Potential-Field Based navigation in StarCraft},
	Year = {2012}}

@inproceedings{GongGame,
	Author = {Gong, W. and Lim, E.P. and Achananuparp, P. and Zhu, F. and Lo, D. and Chua, F.C.T.},
	Booktitle = {CIG (IEEE)},
	Title = {In-Game Action List Segmentation and Labeling in Real-Time Strategy Games},
	Year = {2012}}
    
@inproceedings{OthmanSimu,
    Author = {Nasri Othman and James Decraene and Wentong Cai and Nan Hu and Alexandre Gouaillard},
    Booktitle = {CIG (IEEE)},
    Title = {Simulation-based Optimization of StarCraft Tactical AI through Evolutionary Computation},
    Year = {2012}}

@inproceedings{WenderRL,
    Author = {Stefan Wender and Ian Watson},
    Booktitle = {CIG (IEEE)},
    Title = {Applying Reinforcement Learning to Small Scale Combat in the Real-Time Strategy Game StarCraft:Broodwar},
    Year = {2012}}
    
@inproceedings{SynnaeveTactics,
    Author = {Gabriel Synnaeve and Pierre Bessi\`{e}re},
    Booktitle = {CIG (IEEE)},
    Title = {Special Tactics: a Bayesian Approach to Tactical Decision-making},
    Year = {2012}}

@inproceedings{FernandesMapCharac,
    Author = {A.J. Fern\ ́{a}ndez-Ares and P. Garc\ ́{i}a-Sa\ ́{n}chez and A.M. Mora and J.J. Merelo},
    Booktitle = {CIG (IEEE)},
    Title = {Adaptive bots for real-time strategy games via map characterization},
    Year = {2012}}

@inproceedings{GemineImitative,
    Author = {Quentin Gemine and Firas Safadi and Rapha\¨{e}l Fonteneau and Damien Ernst},
    Booktitle = {CIG (IEEE)},
    Title = {Imitative Learning for Real-Time Strategy Games},
    Year = {2012}}

@inproceedings{TraishNEAT,
    Author = {Jason M. Traish and James R. Tulip},
    Booktitle = {CIG (IEEE)},
    Title = {Towards Adaptive Online RTS AI with NEAT},
    Year = {2012}}

@inproceedings{YoungSCAIL,
    Author = {Jay Young and Fran Smith and Christopher Atkinson and Ken Poyner and Tom Chothia},
    Booktitle = {CIG (IEEE)},
    Title = {SCAIL: An integrated Starcraft AI System},
    Year = {2012}}

@article{burochurchill2012aimagazine,
  title = {Real-Time Strategy Game Competitions},
  author = {Michael Buro and David Churchill},
  year = {2012},
  journal = {AI Magazine},
  pages = {106-108},
  volume = {33},
  number = {3},
}

@article{young2012evolutionary,
  title={Evolutionary Learning of Goal Priorities in a Real-Time Strategy Game},
  author={Young, J. and Hawes, N.},
  booktitle = {AIIDE},
  year      = {2012},
}

@inproceedings{uriarte2012kiting,
  title={Kiting in RTS Games Using Influence Maps},
  author={Uriarte, A. and Onta{\~n}{\'o}n, S.},
  booktitle={Eighth Artificial Intelligence and Interactive Digital Entertainment Conference},
  year={2012}
}

@inproceedings{jaidee2012classq,
  title={CLASSQ-L: A Q-Learning Algorithm for Adversarial Real-Time Strategy Games},
  author={Jaidee, U. and Mu{\~n}oz-Avila, H.},
  booktitle={Eighth Artificial Intelligence and Interactive Digital Entertainment Conference},
  year={2012}
}

@article{churchill2011build,
  title={Build order optimization in starcraft},
  author={Churchill, D. and Buro, M.},
  journal={Proceedings of AIIDE},
  pages={14--19},
  year={2011}
}

